@article{goossens2011design,
  title={Design of a tight frame of 2D shearlets based on a fast non-iterative analysis and synthesis algorithm},
  author={Goossens, Bart and Aelterman, Jan and Luong, Hiep and Pi{\v{z}}urica, Aleksandra and Philips, Wilfried},
  journal={SPIE Optics and Photonics},
  pages={81381Q},
  year={2011}
}

@article{easley2012critically,
  title={Critically sampled wavelets with composite dilations},
  author={Easley, Glenn R and Labate, Demetrio},
  journal={IEEE Transactions on Image Processing},
  volume={21},
  number={2},
  pages={550--561},
  year={2012},
  publisher={IEEE}
}

@article{blanchard2012matricial,
  title={Matricial filters and crystallographic composite dilation wavelets},
  author={Blanchard, Jeffrey and Krishtal, Ilya},
  journal={Mathematics of Computation},
  volume={81},
  number={278},
  pages={905--922},
  year={2012}
}

@article{han2016directional,
  title={Directional tensor product complex tight framelets with low redundancy},
  author={Han, Bin and Zhao, Zhenpeng and Zhuang, Xiaosheng},
  journal={Applied and Computational Harmonic Analysis},
  volume={41},
  number={2},
  pages={603--637},
  year={2016},
  publisher={Elsevier}
}

@ARTICLE{DFB92, 
author={R. H. Bamberger and M. J. T. Smith}, 
journal={IEEE Transactions on Signal Processing}, 
title={A filter bank for the directional decomposition of images: theory and design}, 
year={1992}, 
volume={40}, 
number={4}, 
pages={882-893}, 
keywords={picture processing;two-dimensional digital filters;2-D filter bank;directional decomposition;directional information;directional reconstruction;image decomposition;nonrecursive filters;passband;recursive filters;Band pass filters;Channel bank filters;Computer vision;Filter bank;Image coding;Image reconstruction;Information filtering;Information filters;Nonlinear filters;Passband}, 
doi={10.1109/78.127960}, 
ISSN={1053-587X}, 
month={Apr},}

@ARTICLE{nuDFB05, 
author={T. T. Nguyen and S. Oraintara}, 
journal={IEEE Transactions on Signal Processing}, 
title={Multiresolution direction filterbanks: theory, design, and applications}, 
year={2005}, 
volume={53}, 
number={10}, 
pages={3895-3905}, 
keywords={approximation theory;channel bank filters;image classification;image denoising;image resolution;image texture;low-pass filters;trees (mathematics);two-dimensional digital filters;wavelet transforms;2-D discrete signal;binary tree structure;curvelet transform;directional selectivity;highpass directional subband;image decomposition;image denoising;low-pass filter;maximally decimated DFB;multidirection orthogonal transform;multiresolution direction filterbanks;nonlinear approximation;texture classification;two-channel filterbank;two-dimensional digital filter;wavelet transform;Binary trees;Design methodology;Discrete transforms;Filtering theory;Filters;Frequency conversion;Image decomposition;Image resolution;Signal resolution;Two dimensional displays;Curvelet transform;directional decomposition;directional filterbank;directional information;image decomposition;multiresolution;permissibility;texture classification;two-dimensional digital filters;two-dimensional filter design;two-dimensional filterbanks}, 
doi={10.1109/TSP.2005.855410}, 
ISSN={1053-587X}, 
month={Oct},}

@article{cohen1993compactly,
  title={Compactly supported bidimensional wavelet bases with hexagonal symmetry},
  author={Cohen, A and Schlenker, J-M},
  journal={Constructive approximation},
  volume={9},
  number={2-3},
  pages={209--236},
  year={1993},
  publisher={Springer}
}

@misc{shearlet12book,
author="Sauer, Tomas",
title="{Shearlet multiresolution and multiple refinement.}",
language="English",
howpublished="{Kutyniok, Gitta (ed.) et al., Shearlets. Multiscale analysis for
    multivariate data. Boston, MA: Birkh\"auser. Applied and Numerical Harmonic
    Analysis, 199-237 (2012).}",
year=2012,
doi={10.1007/978-0-8176-8316-0_6},
abstract="{Summary: Starting from the concept of filterbanks and subband coding,
    we present an entirely digital approach to shearlet multiresolution which is
    not a discretization of the continuous transform but is naturally connected
    to the filtering of discrete data, the usual procedure in digital signal
    processing. It is shown that a full analogy of multiresolution analysis
    (MRA) can be derived also for shearlets as a special instance of multiple
    MRA (MMRA) based on cascading a finite number of filterbanks. In this
    discrete shearlet transform, the MMRA concept goes hand in hand with
    shear-based scaling matrices of a particularly appealing and simple
    geometry. Finally, also some application issues of such discrete
    transformations will be considered briefly.}",
keywords="{filterbank; multiresolution analysis; multiple MRA; shearlet MRA;
    subdivision; digital signal processing; discrete shearlet transform}",
}

@article{easley2008sparse,
  title={Sparse directional image representations using the discrete shearlet transform},
  author={Easley, Glenn and Labate, Demetrio and Lim, Wang-Q},
  journal={Applied and Computational Harmonic Analysis},
  volume={25},
  number={1},
  pages={25--46},
  year={2008},
  publisher={Elsevier}
}

@article{kittipoom2012construction,
  title={Construction of compactly supported shearlet frames},
  author={Kittipoom, Pisamai and Kutyniok, Gitta and Lim, Wang-Q},
  journal={Constructive Approximation},
  volume={35},
  number={1},
  pages={21--72},
  year={2012},
  publisher={Springer}
}

@incollection{kutyniok2012digital,
  title={Digital Shearlet Transforms},
  author={Kutyniok, Gitta and Lim, Wang-Q and Zhuang, Xiaosheng},
  booktitle={Shearlets},
  pages={239--282},
  year={2012},
  publisher={Springer}
}

@article{daubechies1993non,
  title={Non-separable bidimensional wavelets bases.},
  author={Daubechies, Ingrid and Cohen, Albert},
  journal={Revista Matematica Iberoamericana},
  volume={9},
  number={1},
  pages={51--137},
  year={1993},
  publisher={European Mathematical Society}
}

@article{han2002quincunx,
  title={Quincunx fundamental refinable functions and quincunx biorthogonal wavelets},
  author={Han, Bin and Jia, Rong-Qing},
  journal={Mathematics of computation},
  volume={71},
  number={237},
  pages={165--196},
  year={2002}
}

@book{daubechies1992ten,
  title={Ten lectures on wavelets},
  author={Daubechies, Ingrid and others},
  volume={61},
  year={1992},
  publisher={SIAM}
}


@article{selesnick2005dual,
  title={The dual-tree complex wavelet transform},
  author={Selesnick, Ivan W and Baraniuk, Richard G and Kingsbury, Nick C},
  journal={Signal Processing Magazine, IEEE},
  volume={22},
  number={6},
  pages={123--151},
  year={2005},
  publisher={IEEE}
}

@INPROCEEDINGS{yin2014orthshear,
author={R. Yin}, 
booktitle={Sampling Theory and Applications (SampTA), 2015 International Conference on}, 
title={Construction of orthonormal directional wavelets based on quincunx dilation subsampling}, 
year={2015}, 
pages={292-296}, 
keywords={data compression;image coding;image sampling;tensors;wavelet transforms;2D tensor wavelet schemes;direction selectivity;first frequency dyadic ring;image analysis;image compression;low-redundancy frames;orthonormal directional wavelets;quincunx dilation subsampling;quincunx downsampling;shearlet systems;standard downsampling;Frequency-domain analysis;Multiresolution analysis;Redundancy;Smoothing methods;Wavelet domain;Wavelet transforms}, 
doi={10.1109/SAMPTA.2015.7148899}, 
month={May},}

@article{nguyen2005multiresolution,
  title={Multiresolution direction filterbanks: theory, design, and applications},
  author={Nguyen, Truong T and Oraintara, Soontorn},
  journal={Signal Processing, IEEE Transactions on},
  volume={53},
  number={10},
  pages={3895--3905},
  year={2005},
  publisher={IEEE}
}

@article{do2005contourlet,
  title={The contourlet transform: an efficient directional multiresolution image representation},
  author={Do, Minh N and Vetterli, Martin},
  journal={Image Processing, IEEE Transactions on},
  volume={14},
  number={12},
  pages={2091--2106},
  year={2005},
  publisher={IEEE}
}

@inproceedings{lu2006new,
  title={A new contourlet transform with sharp frequency localization},
  author={Lu, Yue and Do, Minh N},
  booktitle={Image Processing, 2006 IEEE International Conference on},
  pages={1629--1632},
  year={2006},
  organization={IEEE}
}

@article{candes2002new,
  title={New multiscale transforms, minimum total variation synthesis: Applications to edge-preserving image reconstruction},
  author={Cand{\`e}s, Emmanuel J and Guo, Franck},
  journal={Signal Processing},
  volume={82},
  number={11},
  pages={1519--1543},
  year={2002},
  publisher={Elsevier}
}

@article{candes2005curvelet,
  title={The curvelet representation of wave propagators is optimally sparse},
  author={Candes, Emmanuel J and Demanet, Laurent},
  journal={Communications on Pure and Applied Mathematics},
  volume={58},
  number={11},
  pages={1472--1528},
  year={2005},
  publisher={Wiley Online Library}
}

@article{candes2006fast,
  title={Fast discrete curvelet transforms},
  author={Candes, Emmanuel and Demanet, Laurent and Donoho, David and Ying, Lexing},
  journal={Multiscale Modeling \& Simulation},
  volume={5},
  number={3},
  pages={861--899},
  year={2006},
  publisher={SIAM}
}

@article{guo2007optimally,
  title={Optimally sparse multidimensional representation using shearlets},
  author={Guo, Kanghui and Labate, Demetrio},
  journal={SIAM journal on mathematical analysis},
  volume={39},
  number={1},
  pages={298--318},
  year={2007},
  publisher={SIAM}
}

@incollection{kutyniok2012image,
  title={Image separation using wavelets and shearlets},
  author={Kutyniok, Gitta and Lim, Wang-Q},
  booktitle={Curves and Surfaces},
  pages={416--430},
  year={2012},
  publisher={Springer}
}

@article{easley2009shearlet,
  title={Shearlet-based total variation diffusion for denoising},
  author={Easley, Glenn R and Labate, Demetrio and Colonna, Flavia},
  journal={Image Processing, IEEE Transactions on},
  volume={18},
  number={2},
  pages={260--268},
  year={2009},
  publisher={IEEE}
}

@article{cohen1992biorthogonal,
  title={Biorthogonal bases of compactly supported wavelets},
  author={Cohen, Albert and Daubechies, Ingrid and Feauveau, J-C},
  journal={Communications on pure and applied mathematics},
  volume={45},
  number={5},
  pages={485--560},
  year={1992},
  publisher={Wiley Online Library}
}

@article{durand2007,
	title = {M-band filtering and nonredundant directional wavelets },
	journal = {Applied and Computational Harmonic Analysis },
	volume = {22},
	number = {1},
	pages = {124 - 139},
	year = {2007},
	note = "",
	issn = {1063-5203},
	author = {Sylvain Durand}
}
