@misc{shearlet12book,
author="Sauer, Tomas",
title="{Shearlet multiresolution and multiple refinement.}",
language="English",
howpublished="{Kutyniok, Gitta (ed.) et al., Shearlets. Multiscale analysis for
    multivariate data. Boston, MA: Birkh\"auser. Applied and Numerical Harmonic
    Analysis, 199-237 (2012).}",
year=2012,
doi={10.1007/978-0-8176-8316-0_6},
abstract="{Summary: Starting from the concept of filterbanks and subband coding,
    we present an entirely digital approach to shearlet multiresolution which is
    not a discretization of the continuous transform but is naturally connected
    to the filtering of discrete data, the usual procedure in digital signal
    processing. It is shown that a full analogy of multiresolution analysis
    (MRA) can be derived also for shearlets as a special instance of multiple
    MRA (MMRA) based on cascading a finite number of filterbanks. In this
    discrete shearlet transform, the MMRA concept goes hand in hand with
    shear-based scaling matrices of a particularly appealing and simple
    geometry. Finally, also some application issues of such discrete
    transformations will be considered briefly.}",
keywords="{filterbank; multiresolution analysis; multiple MRA; shearlet MRA;
    subdivision; digital signal processing; discrete shearlet transform}",
}

@article{easley2008sparse,
  title={Sparse directional image representations using the discrete shearlet transform},
  author={Easley, Glenn and Labate, Demetrio and Lim, Wang-Q},
  journal={Applied and Computational Harmonic Analysis},
  volume={25},
  number={1},
  pages={25--46},
  year={2008},
  publisher={Elsevier}
}

@article{kittipoom2012construction,
  title={Construction of compactly supported shearlet frames},
  author={Kittipoom, Pisamai and Kutyniok, Gitta and Lim, Wang-Q},
  journal={Constructive Approximation},
  volume={35},
  number={1},
  pages={21--72},
  year={2012},
  publisher={Springer}
}

@incollection{kutyniok2012digital,
  title={Digital Shearlet Transforms},
  author={Kutyniok, Gitta and Lim, Wang-Q and Zhuang, Xiaosheng},
  booktitle={Shearlets},
  pages={239--282},
  year={2012},
  publisher={Springer}
}

@article{daubechies1993non,
  title={Non-separable bidimensional wavelets bases.},
  author={Daubechies, Ingrid and Cohen, Albert},
  journal={Revista Matematica Iberoamericana},
  volume={9},
  number={1},
  pages={51--137},
  year={1993},
  publisher={European Mathematical Society}
}

@article{han2002quincunx,
  title={Quincunx fundamental refinable functions and quincunx biorthogonal wavelets},
  author={Han, Bin and Jia, Rong-Qing},
  journal={Mathematics of computation},
  volume={71},
  number={237},
  pages={165--196},
  year={2002}
}

@book{daubechies1992ten,
  title={Ten lectures on wavelets},
  author={Daubechies, Ingrid and others},
  volume={61},
  year={1992},
  publisher={SIAM}
}


@article{selesnick2005dual,
  title={The dual-tree complex wavelet transform},
  author={Selesnick, Ivan W and Baraniuk, Richard G and Kingsbury, Nick C},
  journal={Signal Processing Magazine, IEEE},
  volume={22},
  number={6},
  pages={123--151},
  year={2005},
  publisher={IEEE}
}

@article{yin2014orthshear,
  title={Construction of orthonormal shearlets based on quincunx dilation subsampling, with extension to low-redundant parseval frame},
  journal={(script)} 
}

@article{nguyen2005multiresolution,
  title={Multiresolution direction filterbanks: theory, design, and applications},
  author={Nguyen, Truong T and Oraintara, Soontorn},
  journal={Signal Processing, IEEE Transactions on},
  volume={53},
  number={10},
  pages={3895--3905},
  year={2005},
  publisher={IEEE}
}

@article{do2005contourlet,
  title={The contourlet transform: an efficient directional multiresolution image representation},
  author={Do, Minh N and Vetterli, Martin},
  journal={Image Processing, IEEE Transactions on},
  volume={14},
  number={12},
  pages={2091--2106},
  year={2005},
  publisher={IEEE}
}

@inproceedings{lu2006new,
  title={A new contourlet transform with sharp frequency localization},
  author={Lu, Yue and Do, Minh N},
  booktitle={Image Processing, 2006 IEEE International Conference on},
  pages={1629--1632},
  year={2006},
  organization={IEEE}
}

@article{candes2002new,
  title={New multiscale transforms, minimum total variation synthesis: Applications to edge-preserving image reconstruction},
  author={Cand{\`e}s, Emmanuel J and Guo, Franck},
  journal={Signal Processing},
  volume={82},
  number={11},
  pages={1519--1543},
  year={2002},
  publisher={Elsevier}
}

@article{candes2005curvelet,
  title={The curvelet representation of wave propagators is optimally sparse},
  author={Candes, Emmanuel J and Demanet, Laurent},
  journal={Communications on Pure and Applied Mathematics},
  volume={58},
  number={11},
  pages={1472--1528},
  year={2005},
  publisher={Wiley Online Library}
}

@article{candes2006fast,
  title={Fast discrete curvelet transforms},
  author={Candes, Emmanuel and Demanet, Laurent and Donoho, David and Ying, Lexing},
  journal={Multiscale Modeling \& Simulation},
  volume={5},
  number={3},
  pages={861--899},
  year={2006},
  publisher={SIAM}
}

@article{guo2007optimally,
  title={Optimally sparse multidimensional representation using shearlets},
  author={Guo, Kanghui and Labate, Demetrio},
  journal={SIAM journal on mathematical analysis},
  volume={39},
  number={1},
  pages={298--318},
  year={2007},
  publisher={SIAM}
}

@incollection{kutyniok2012image,
  title={Image separation using wavelets and shearlets},
  author={Kutyniok, Gitta and Lim, Wang-Q},
  booktitle={Curves and Surfaces},
  pages={416--430},
  year={2012},
  publisher={Springer}
}

@article{easley2009shearlet,
  title={Shearlet-based total variation diffusion for denoising},
  author={Easley, Glenn R and Labate, Demetrio and Colonna, Flavia},
  journal={Image Processing, IEEE Transactions on},
  volume={18},
  number={2},
  pages={260--268},
  year={2009},
  publisher={IEEE}
}

@article{cohen1992biorthogonal,
  title={Biorthogonal bases of compactly supported wavelets},
  author={Cohen, Albert and Daubechies, Ingrid and Feauveau, J-C},
  journal={Communications on pure and applied mathematics},
  volume={45},
  number={5},
  pages={485--560},
  year={1992},
  publisher={Wiley Online Library}
}

@article{durand2007,
	title = {M-band filtering and nonredundant directional wavelets },
	journal = {Applied and Computational Harmonic Analysis },
	volume = {22},
	number = {1},
	pages = {124 - 139},
	year = {2007},
	note = "",
	issn = {1063-5203},
	author = {Sylvain Durand}
}