@article{cohen1993compactly,
  title={Compactly supported bidimensional wavelet bases with hexagonal symmetry},
  author={Cohen, A and Schlenker, J-M},
  journal={Constructive approximation},
  volume={9},
  number={2-3},
  pages={209--236},
  year={1993},
  publisher={Springer}
}